@BOOK{dale04,
	AUTHOR       = "Dale E. Seborg and Thomas F. Edgar and Duncan A. Mellichamp",
	TITLE        = "Process Dynamics and Control",
	PUBLISHER    = "John Wiley and Sons",
	YEAR         = "2004",
	EDITION      = "2nd",
}

@book{kmm09,
author = "Kannan M. Moudgalya",
title = "Identification of transfer function of a single board
heater system through step response experiments",
institution = "IIT Bombay",
year = "2009"
}
