@book{kmm09,
author = {Kannan M. Moudgalya},
title = {Identification of transfer function of a single board
heater system through step response experiments},
institution = {IIT Bombay},
year = 2009}


@InProceedings{vlabs-kmm,
  author = 	 {K. M. Moudgalya and Inderpreet Arora},
  title = 	 {{A Virtual Laboratory for Distance Education}},
  booktitle =	 {Proceedings of 2nd Int. conf. on Technology for Education, T4E},
  year =	 {1--3 July 2010},
  address =	 {IIT Bombay, India},
  organization = {IEEE}
}

@Misc{vl010,
  OPTkey = 	 {},
  author = 	 {{Virtual labs project}},
  title = 	 {Single board heater system},
  howpublished = {http://www.co-learn.in/web\_sbhs},
  OPTmonth = 	 {},
  year = 	 {},
  note = 	 {Seen on 11 May 2011},
  OPTannote = 	 {}
}

@Misc{moodle,
  OPTkey = 	 {},
  author = 	 {},
  title = 	 {Fossee Moodle},
  howpublished = {http://www.fossee.in/moodle/},
  OPTmonth = 	 {},
  year = 	 {},
  note = 	 {Seen on 10 May 2011},
  OPTannote = 	 {}
}


@Misc{spoken-sci,
  OPTkey = 	 {},
  author = 	 {},
  title = 	 {Spoken tutorials},
  howpublished = {http://spoken-tutorial.org/Study\_Plans\_Scilab},
  OPTmonth = 	 {},
  year = 	 {},
  note = 	 {Seen on 10 May 2011},
  OPTannote = 	 {}
}


@Misc{kmm010,
  author = 	 {K. M. Moudgalya},
  title = 	 {{Introducing National Mission on Education through
                  ICT}},
  howpublished = {http://www.spoken-tutorial.org/NMEICT-Intro},
  year = 	 {2010},
  date =         {seen on 10 May 2011}}


@book{ogt05,
AUTHOR = {Katsuhiko Ogata},
TITLE = {Modern Control Engineering},
PUBLISHER = {Prentice-Hall of India},
YEAR = 2005}

@BOOK{dale04,
	AUTHOR       = "Dale E. Seborg and Thomas F. Edgar and Duncan A. Mellichamp",
	TITLE        = "Process Dynamics and Control",
	PUBLISHER    = "John Wiley and Sons",
	YEAR         = "2004",
	EDITION      = "2nd",
}

@BOOK{kmmdc09,
	AUTHOR       = "Kannan M. Moudgalya",
	TITLE        = "Digital Control",
	PUBLISHER    = "John Wiley and Sons",
	YEAR         = "2009",
	VOLUME       = "",
	SERIES       = "",
	ADDRESS      = "",
	EDITION      = "",
	MONTH        = "",
	NOTE         = ""
}
