@book{ogt05,
AUTHOR = {Katsuhiko Ogata},
TITLE = {Modern Control Engineering},
PUBLISHER = {Prentice-Hall of India},
YEAR = 2005}


@book{kmm09,
author = {Kannan M. Moudgalya},
title = {Identification of transfer function of a single board
heater system through step response experiments},
institution = {IIT Bombay},
year = 2009}
