@string{ijpe="Int. J. Prod. Econ."}
@string{prhl_ec="Prentice-Hall, Inc., Englewood Cliffs, NJ"}
@string{jwc="John Wiley \& Sons, Ltd, Chichester"}

@Book{kmm07,
  author =	 {K. M. Moudgalya},
  title = 	 {Digital Control},
  publisher = 	 jwc,
  year = 	 2007
}

@Book{karl95,
  author =	 {K. J. {\AA str\" om} and T. {H\"agglund}},
  title = 	 {PID Controllers},
  publisher = {Instrument Society of America},
  year = 1995
}

@Book{tk80,
  author =	 {T. Kailath},
  title = 	 {Linear Systems},
  publisher = 	 prhl_ec,
  year = 	 1980
}

@Book{vk79,
  author =	 {V. Kucera},
  title = 	 {Discrete Linear Control: The Polynomial Equations
                  Approach},
  publisher = 	 jwc,
  year = 	 1979
}

@Book{mv85,
  author =	 {M. Vidyasagar},
  title = 	 {Control System Synthesis},
  publisher = 	 {MIT Press},
  year = 	 1985,
  address =	 {Cambridge, MA}
}

@TechReport{cp82,
  author = 	 {B-C. Chang and J. B. Pearson},
  title = 	 {Algorithms for the solution of polynomial equations
                  arising in multivariable control theory},
  institution =  {Rice University},
  year = 	 1982,
  number =	 8208,
  address =	 {Dept. of Electrical Engineering}
}

@TechReport{jr95,
  author = 	 {Jan T. Bialasiewicz and Richard M. Osgood},
  title = 	{Advanced system identification techniques for wind turbine structures},
  institution =  {National Renewable Energy Laboratory},
  year = 	 1995,
  address =	 {A national laboratory of the U.S. Dept. of Energy}
}


@InProceedings{km06,
  author = 	 {K. M. Moudgalya},
  title = 	 {{Discrete time control.  A first control course?}},
  booktitle =	 {Advances in control education},
  year =	 {21--23 June 2006},
  address =	 {Madrid},
  organization = {IFAC}
}

@InProceedings{ms04,
  author = 	 {K. M. Moudgalya and S. L. Shah},
  title = 	 {A polynomial based first course in digital control},
  booktitle =	 {Proceedings of IEEE CACSD},
  year =	 2004,
  address =	 {Taipei},
  pages =        {190--195},
  month =	 {2-4 Sept.}
}

@InProceedings{mmr03,
  author = 	 {R. K. Majumdar and K. M. Moudgalya and K. Ramamritham},
  title = 	 {Adaptive Coherency Maintenance Techniques for
                  Time-Varying Data},
  booktitle =	 {Proceedings of 24th IEEE RTSS},
  year =	 2003,
  address =      {Cancun},
  pages =        {98-107}
}

@TechReport{kmm96,
  author = 	 {K. M. Moudgalya},
  title = 	 {{Polynomial computations in Matlab}},
  institution =  {IIT Bombay},
  year = 	 1996,
  address =	 {Dept. of Chemical Engineering}
}

@TechReport{kmm09,
  author = 	 {K. M. Moudgalya},
  title = 	 {{Identification of transfer function of a single board heater system through step response experiments}},
  institution =  {IIT Bombay},
  year = 2009,
  address =	 {Dept. of Chemical Engineering}
}

@Misc{kmm1-07,
  author = 	 {K. M. Moudgalya},
  note =	 {{\tt http://www.moudgalya.org/dc/}},
  year =         2007
}

@Article{vs06,
  author = 	 {J. Venkateswaran and Y. J. Son},
  title = 	 {Effect of information update frequency on the
                  stability of production -- inventory control
                  systems}, 
  journal = 	 ijpe,
  year = 	 2007,
  volume =       106,
  number =       1,
  pages =        {171-190}
}

@Misc{ser-05,
 note = {{\tt www.gds-sw.de/goodies.htm} as seen on December 26, 2009},
}



@Book{seborg04,
  author =	 {D. E. Seborg and T. F. Edgar and D. A. Mellichamp},
  title = 	 {Process Dynamics and Control},
  publisher = 	 {John Wiley \& Sons, Inc.},
  year = 	 2004,
 }

@Article{hs07,
  author = 	 {M. Huba and M. Simunek},
  title = 	 {Modular approach to teaching {PID} control},
  journal = 	 {IEEE Trans. Ind. Elec.},
  year = 	 2007,
  pages = 	 {3112-3121}}

@Misc{scilab,
 author = {{The Scilab Consortium}},
 note = {Seen on 15 March 2010: {\tt http://www.scilab.org/}},
 year = 2010
} 

@Misc{kmm010,
  author = 	 {K. M. Moudgalya},
  title = 	 {{Introducing National Mission on Education through
                  ICT}},
  howpublished = {http://www.spoken-tutorial.org/NMEICT-Intro},
  year = 	 {2010},
  date =         {seen on 10 May 2011}}

@Misc{vl010,
  OPTkey = 	 {},
  author = 	 {{Virtual labs project}},
  title = 	 {Single board heater system},
  howpublished = {http://www.co-learn.in/web\_sbhs},
  OPTmonth = 	 {},
  year = 	 {},
  note = 	 {Seen on 10 May 2011},
  OPTannote = 	 {}
}

@INPROCEEDINGS{ia010,
  author = 	 {Inderpreet Arora and Kannan M. Moudgalya and Sachitanand Malewar},
  title = 	 {A low cost, open source, single-board heater system},
  booktitle =	 {International Conference on E-Learning in Industrial Electronics},
  year =	 {November 2010},
  address =	 {AZ, USA},
  NOTE = "",
  organization = {IEEE}
}

@Misc{moodle,
  OPTkey = 	 {},
  author = 	 {},
  title = 	 {Fossee Moodle},
  howpublished = {http://www.fossee.in/moodle/},
  OPTmonth = 	 {},
  year = 	 {},
  note = 	 {Seen on 10 May 2011},
  OPTannote = 	 {}
}

@InProceedings{vlabs-kmm,
  author = 	 {K. M. Moudgalya and Inderpreet Arora},
  title = 	 {{A Virtual Laboratory for Distance Education}},
  booktitle =	 {Proceedings of 2nd Int. conf. on Technology for Education, T4E},
  year =	 {1--3 July 2010},
  address =	 {IIT Bombay, India},
  organization = {IEEE}
}

@Misc{spoken-sci,
  OPTkey = 	 {},
  author = 	 {},
  title = 	 {Spoken tutorials},
  howpublished = {http://spoken-tutorial.org/Study\_Plans\_Scilab},
  OPTmonth = 	 {},
  year = 	 {},
  note = 	 {Seen on 10 May 2011},
  OPTannote = 	 {}
}

@InProceedings{kempf96,
  author = 	 {Carl J. Kempf and Seiichi Kobayashi},
  title = 	 {{Discrete-Time Disturbance Observer Design for Systems with Time Delay}},
  booktitle =	 {Proceedings of the 4th International Workshop on Adv. Motion Contr.},
  address =	 {Tsu-city, Japan},
  year =	 {1996},
  organization = {IEEE}
}

@Article{jones07,
  author = 	 {R. W. Jones and M. T. Tham},
  title = 	 {{Disturbance observer design for continuous systems with delay}},
  journal =	 {Asia-Pacific Journal of Chemical Engg., Wiley Interscience},
  year = 2007,
  volume = 2,
}

