
@BOOK{kmmdc09,
	AUTHOR       = "Kannan M. Moudgalya",
	TITLE        = "Digital Control",
	PUBLISHER    = "John Wiley and Sons",
	YEAR         = "2009",
	VOLUME       = "",
	SERIES       = "",
	ADDRESS      = "",
	EDITION      = "",
	MONTH        = "",
	NOTE         = ""
}
@book{ogt05,
AUTHOR = "Katsuhiko Ogata",
TITLE = "Modern Control Engineering",
PUBLISHER = "Prentice-Hall of India",
YEAR = "2005"
}

@book{kmm09,
author = {Kannan M. Moudgalya},
title = {Identification of transfer function of a single board
heater system through step response experiments},
institution = {IIT Bombay},
year = 2009}
