@BOOK{kmmdc09,
	AUTHOR       = "Kannan Moudgalya",
	TITLE        = "Digital Control",
	PUBLISHER    = "John Wiley and Sons",
	YEAR         = "2009",
	VOLUME       = "",
	SERIES       = "",
	ADDRESS      = "",
	EDITION      = "",
	MONTH        = "",
	NOTE         = ""
}
